@article{Cohen1973,
  title={Intentionality in the use of hand illustrators in face-to-face communication situations.},
  author={Cohen, Akiba A and Harrison, Randall P},
  journal={Journal of Personality and Social Psychology},
  volume={28},
  number={2},
  pages={276},
  year={1973},
  publisher={American Psychological Association}
}
@book{Clark1996,
  title={Using language},
  author={Clark, Herbert H},
  year={1996},
  publisher={Cambridge university press}
}
@book{McNeill1992,
  title={Hand and mind: What gestures reveal about thought},
  author={McNeill, David},
  year={1992},
  publisher={University of Chicago press}
}
@article{Jacobs2007,
  title={The role of conversational hand gestures in a narrative task},
  author={Jacobs, Naomi and Garnham, Alan},
  journal={Journal of Memory and Language},
  volume={56},
  number={2},
  pages={291--303},
  year={2007},
  publisher={Elsevier}
}
@incollection{Kita2000,
  title={How representational gestures help speaking},
  author={Kita, Sotaro},
  booktitle={Language and gesture},
  editor={McNeill, David},
  publisher={Cambridge University Press},
  pages={162--185},
  volume={1},
  year={2000}
}
@article{Bavelas2002,
  title={An experimental study of when and how speakers use gestures to communicate},
  author={Bavelas, Janet and Kenwood, Christine and Johnson, Trudy and Phillips, Bruce},
  journal={Gesture},
  volume={2},
  number={1},
  pages={1--17},
  year={2002},
  publisher={John Benjamins Publishing Company}
}

